@incollection{anand08:demand,
  author = {S. Anand and P. Godefroid and N. Tillmann},
  title = {Demand-driven compositional symbolic execution},
  booktitle = {Tools and Algorithms for the Construction and Analysis of Systems, 14th International Conference, TACAS 2008},
  series = {Lecture Notes in Computer Science},
  pages = {367-381},
  volume = {4963},
  month = mar,
  year = {2008}
}

@inproceedings{ball96:epp,
  author = {T. Ball and J. R. Larus},
  title = {Efficient path profiling},
  booktitle = {29th ACM/IEEE International Symposium on Microarchitecture},
  year = 1996,
  pages = "46-57",
} 


@inproceedings{baughman01:cheat-proof,
  author = "N. E. Baughman and B. N. Levine",
  title = "Cheat-proof playout for centralized and distributed online games",
  booktitle = "IEEE INFOCOM",
  month = apr,
  year = 2001
}

@inproceedings{bethea10:games,
  author = "D. Bethea and R. A. Cochran and M. K. Reiter",
  title = "Server-side verification of client behavior in online games",
  booktitle = "17th ISOC Network and Distributed System Security Symposium",
  pages = "21-36",
  month = feb,
  year = 2010
}

@article{bethea11:games,
  author = "D. Bethea and R. A. Cochran and M. K. Reiter",
  title = "Server-side verification of client behavior in online games",
  journal = "ACM Transactions on Information and System Security",
  volume = 14,
  number = 4,
  month = dec,
  year = 2011
}

@inproceedings{boyer75:select,
  author = "R. S. Boyer and B. Elspas and K. N. Levitt",
  title = "{SELECT} -- A formal system for testing and debugging programs by symbolic execution",
  booktitle = "International Conference on Reliable Software",
  pages = "234-245",
  year = 1975
}

@inproceedings{brumley06:vulnsig,
  author = "D. Brumley and J. Newsome and D. Song and H. Wang and S. Jha",
  title = "Towards automatic generation of vulnerability-based signatures",
  booktitle = "IEEE Symposium on Security and Privacy",
  month = may,
  year = 2006
}

@inproceedings{brumley07:wp,
  author = "D. Brumley and H. Wang and S. Jha and D. Song",
  title = "Creating vulnerability signatures using weakest pre-conditions",
  booktitle = "2007 Computer Security Foundations Symposium",
  month = jul,
  year = 2007
}

@incollection{caballero09:vulnsig,
  author = {J. Caballero and Z. Liang and P. Poosankam and D. Song},
  title = {Towards generating high coverage vulnerability-based signatures with protocol-level constraint-guided exploration},
  booktitle = {Recent Advances in Intrusion Detection, 12th International Symposium, RAID 2009},
  series = {Lecture Notes in Computer Science},
  pages = {161-181},
  volume = {5758},
  year = {2009}
}

@inproceedings{cadar06:exe,
  author = "C. Cadar and V. Ganesh and P. M. Pawlowski and D. L. Dill and D. R. Engler",
  title = "{EXE}: Automatically generating inputs of death",
  booktitle = "13th ACM Conference on Computer and Communications Security",
  month = nov,
  year = 2006
}

@inproceedings{cadar08:klee,
  author = "C. Cadar and D. Dunbar and D. Engler",
  title = "{KLEE}: Unassisted and automatic generation of high-coverage tests for complex systems programs",
  booktitle = "8th USENIX Symposium on Operating Systems Design and Implementation",
  month = dec,
  year = 2008
}

@article{can93:incremental,
  author = "F. Can",
  title = "Incremental clustering for dynamic information processing",
  journal = "ACM Transactions on Information Systems",
  volume = 11,
  number = 2,
  month = apr,
  year = 1993,
  pages = "143-164"
}

@inproceedings{charikar97:incremental,
  author = "M. Charikar and C. Chekuri and T. Feder and R. Motwani",
  title = "Incremental clustering and dynamic information retrieval",
  booktitle = "29th ACM Syposium on Theory of Computing",
  pages = "626-635",
  year = 1997
}

@inproceedings{chen04:fair,
  author = "B. D. Chen and M. Maheswaran",
  title = "A fair synchronization protocol with cheat proofing for decentralized online multiplayer games",
  booktitle = "3rd IEEE International Symposium on Network Computing and Applications",
  month = sep,
  year = 2004
}

@inproceedings{chen06:bot,
  author = "K.-T. Chen and J.-W. Jiang and P. Huang and H.-H. Chu and C.-L. Lei and W.-C. Chen",
  title = "Identifying {MMORPG} bots: {A} traffic analysis approach",
  booktitle = "ACM International Conference on Advances in Computer Entertainment Technology",
  month = jun,
  year = 2006
}

@inproceedings{chen08:manifold,
  author = "K.-T. Chen and H.-K. K. Pao and H.-C. Chang",
  title = "Game bot identification based on manifold learning",
  booktitle = "7th ACM Workshop on Network and System Support for Games",
  pages = "21-26",
  month = oct,
  year = 2008
}

@inproceedings{chipounov11:s2e,
  author = {V. Chipounov and V. Kuznetsov and G. Candea},
  title = {{S2E}: a platform for in-vivo multi-path analysis of software systems},
  booktitle = {16th International Conference on Architectural Support for Programming Languages and Operating Systems},
  year = 2011,
  pages = {265--278},
} 

@inproceedings{chong07:swift,
  author = "S. Chong and J. Liu and A. C. Myers and X. Qi and N. Vikram and L. Zheng and X. Zheng",
  title = "Secure web applications via automatic partitioning",
  booktitle = "21st ACM Symposium on Operating Systems Principles",
  pages = "31-44",
  month = oct,
  year = 2007
}

@inproceedings{cronin03:cheat-proof,
  author = "E. Cronin and B. Filstrup and S. Jamin",
  title = "Cheat-proofing dead reckoned multiplayer games",
  booktitle = "2nd International Conference on Application and Development of Computer Games",
  month = jan,
  year = 2003
}

@inproceedings{delap04:verification,
  author = "M. DeLap and B. Knutsson and H. Lu and O. Sokolsky and U. Sammapun and I. Lee and C. Tsarouchis",
  title = "Is runtime verification applicable to cheat detection?",
  booktitle = "3rd ACM SIGCOMM Workshop on Network and System Support for Games",
  month = aug,
  year = 2004
}

@inproceedings{ester98:dbscan,
  author = "M. Ester and H.-P. Kriegel and J. Sander and M. Wimmer and X. Xu",
  title = "Incremental clustering for mining in a data warehousing environment",
  booktitle = "24th International Conference on Very Large Databases",
  pages = "323-333",
  year = 1998
}


@article{feige04:approx,
  author = "U. Feige and L. Lov\'{a}sz and P. Tetali",
  title = "Approximating min sum set cover",
  journal = "Algorithmica",
  volume = 40,
  pages = "219-234",
  year = 2004
}

@inproceedings{feng03:stack,
  author = "H. Feng and O. Kolesnikov and P. Fogla and W. Lee and W. Gong",
  title = "Anomaly detection using call stack information",
  booktitle = "2003 IEEE Symposium on Security and Privacy",
  pages = "62-75",
  month = may,
  year = 2003
}

@inproceedings{feng04:formalizing,
  author = "H. Feng and J. Giffin and Y. Huang and S. Jha and W. Lee and
B. Miller",
  title = "Formalizing sensitivity in static analysis for intrusion detection",
  booktitle = "2004 IEEE Symposium on Security and Privacy",
  month = may,
  year = 2004
}


@inproceedings{feng08:stealth,
  author = "W. Feng and E. Kaiser and T. Schluessler",
  title = "Stealth measurements for cheat detection in on-line games",
  booktitle = "7th ACM Workshop on Network and System Support for Games",
  pages = "15-20",
  month = oct,
  year = 2008
}

@article{fisher87:incremental,
  author = "D. H. Fisher",
  title = "Knowledge acquisition via incremental conceptual clustering",
  journal = "Machine Learning",
  volume = 2,
  pages = "139-172",
  year = 1987
}


@inproceedings{ganesh07:stp,
  author = "V. Ganesh and D. L. Dill",
  title = "A decision procedure for bit-vectors and arrays",
  booktitle = "Computer Aided Verification, 19th International Conference, CAV 2007",
  pages = "519-531",
  month = jul,
  year = 2007
}

@inproceedings{gao04:gray-box,
  author = "D. Gao and M. K. Reiter and D. Song",
  title = "Gray-box extraction of execution graphs for anomaly detection",
  booktitle = "11th ACM Conference on Computer and Communications Security",
  pages = "318-329",
  month = oct,
  year = 2004
}


@inproceedings{giffin02:remote,
  author = "J. T. Giffin and S. Jha and B. P. Miller",
  title = "Detecting manipulated remote call streams",
  booktitle = "11th USENIX Security Symposium",
  month = aug,
  year = 2002
}

@inproceedings{giffin04:context,
  author = "J. Giffin and S. Jha and B. P. Miller",
  title = "Efficient context-sensitive intrusion detection",
  booktitle = "ISOC Symposium on Network and Distributed System Security",
  month = feb,
  year = 2004
}


@inproceedings{godefroid05:dart,
  author = {P. Godefroid and N. Klarlund and K. Sen},
  title = {{DART}: Directed automated random testing},
  booktitle = {2005 ACM Conference on Programming Language Design and Implementation},
  year = {2005},
  month = jun,
  pages = {213-223}
}

@inproceedings{goodman08:auditing,
  author = "J. Goodman and C. Verbrugge",
  title = "A peer auditing scheme for cheat elimination in {MMOG}s",
  booktitle = "7th ACM Workshop on Network and System Support for Games",
  pages = "9-14",
  month = oct,
  year = 2008
}

@inproceedings{guha09:ajax,
  author = "A. Guha and S. Krishnamurthi and T. Jim",
  title = "Using static analysis for {Ajax} intrusion detection",
  booktitle = "18th International World Wide Web Conference",
  pages = "561-570",
  month = apr,
  year = 2009
}

@misc{hawkins03:quote,
  key = "Hawkins",
  title = "{S.\ Hawkins}, consultant for {Sega of America}",
  howpublished = "Quoted~\cite[p.~182]{mulligan03:guide}",
  year = 2003
}

@book{hoglund07:games,
  author = "G. Hoglund and G. McGraw",
  title = "Exploiting Online Games: Cheating Massively Distributed Systems",
  year = 2007,
  publisher = "Addison-Wesley Professional"
}

@article{huffman52:codes,
  author = "D. A. Huffman",
  title = "A method for the construction of minimum-redundancy codes",
  journal = "Proceedings of the Institute of Radio Engineers",
  volume = 40,
  number = 9,
  pages = "1098-1101",
  month = sep,
  year = 1952
}

@inproceedings{izaiku06:mmorpg,
  author = "T. Izaiku and S. Yamamoto and Y. Murata and N. Shibata and K. Yasumoto and M. Ito",
  title = "Cheat detection for {MMORPG} on {P2P} environments",
  booktitle = "5th ACM Workshop on Network and System Support for Games",
  month = oct,
  year = 2006
}

@techreport{jager10:directionless,
  author = "I. Jager and D. Brumley",
  title = "Efficient directionless weakest preconditions",
  number = "CMU-CyLab-10-002",
  institution = "Cylab, Carnegie Mellon University",
  month = feb,
  year = 2010
}

@inproceedings{jha07:integrity,
  author = "S. Jha and S. Katzenbeisser and C. Schallhart and H. Veith and S. Chenney",
  title = "Enforcing semantic integrity on untrusted clients in networked virtual environments (extended abstract)",
  booktitle = "IEEE Symposium on Security and Privacy",
  pages = "179-186",
  month = may,
  year = 2007
}

@inproceedings{joshi04:tpp,
 author = {R. Joshi and M. D. Bond and C. Zilles},
 title = {Targeted Path Profiling: Lower Overhead Path Profiling for Staged Dynamic Optimization Systems},
 booktitle = {International Symposium on Code Generation and Optimization},
 series = {CGO '04},
 year = {2004},
 isbn = {0-7695-2102-9},
 location = {Palo Alto, California},
 pages = {239--},
 url = {http://dl.acm.org/citation.cfm?id=977395.977660},
 acmid = {977660},
 publisher = {IEEE Computer Society},
 address = {Washington, DC, USA},
}


@inproceedings{kabus05:mmog,
  author = "P. Kabus and W. W. Terpstra and M. Cilia and A. P. Buchmann",
  title = "Addressing cheating in distributed {MMOG}s",
  booktitle = "4th ACM Workshop on Network and System Support for Games",
  month = oct,
  year = 2005
}

@inproceedings{kaiser09:fides,
  author = "E. Kaiser and W. Feng and T. Schluessler",
  title = "Fides: Remote anomaly-based cheat detection using client emulation",
  booktitle = "16th ACM Conference on Computer and Communications Security",
  month = nov,
  year = 2009
}

@article{king76:symbex,
  author = "J. King",
  title = "Symbolic execution and program testing",
  journal = {Communications of the ACM},
  volume = {19},
  issue = {7},
  month = {July},
  year = {1976},
  pages = {385--394}
}


@inproceedings{kruegel05:mimicry,
  author = "C. Kruegel and E. Kirda and D. Mutz and W. Robertson and G. Vigna",
  title = "Automating mimicry attacks using static binary analysis",
  booktitle = "14th USENIX Security Symposium",
  pages = "161-176",
  month = jul,
  year = 2005
}

@inproceedings{lattner04:llvm,
  author    = {C. Lattner and V. Adve},
  title     = {{LLVM}: A compilation framework for lifelong program analysis \& transformation},
  booktitle = "{2004 International Symposium on Code Generation and Optimization}",
  month     = mar,
  year      = 2004
}


@inproceedings{lyhyaoui05:categorization,
  author = "Y. Lyhyaoui and A. Lyhyaoui and S. Natkin",
  title = "Online games: Categorization of attacks",
  booktitle = "International Conference on Computer as a Tool (EUROCON)",
  month = nov,
  year = 2005
}

@article{mitterhofer09:bot,
  author = "S. Mitterhofer and C. Platzer and C. Kruegel and E. Kirda",
  title = "Server-side bot detection in massive multiplayer online games",
  journal = "IEEE Security and Privacy",
  volume = 7,
  number = 3,
  month = "May/June",
  year = 2009,
  pages = "18-25"
}

@article{molnar00:seti,
  author = "D. Molnar",
  title = "The {SETI@Home} problem",
  journal = "ACM Crossroads",
  volume = 7,
  number = 1,
  month = sep,
  year = 2000
}

@article{anderson02:seti,
 author = {Anderson, David P. and Cobb, Jeff and Korpela, Eric and Lebofsky, Matt and Werthimer, Dan},
 title = {SETI@Home: An Experiment in Public-resource Computing},
 journal = {Commun. ACM},
 volume = {45},
 number = {11},
 year = {2002},
}

@inproceedings{monch06:protecting,
  author = "C. M{\"{o}}nch and G. Grimen and R. Midtstraum",
  title = "Protecting online games against cheating",
  booktitle = "5th ACM Workshop on Network and System Support for Games",
  month = oct,
  year = 2006
}

@inproceedings{monrose99:audit,
  author = "F. Monrose and P. Wyckoff and A. Rubin",
  title = "Distributed execution with remote audit",
  booktitle = "Network and Distributed Systems Security Symposium",
  month = feb,
  year = 1999
}
@inproceedings{moseley07:shadow, 
 author={T. Moseley and A. Shye and V. J. Reddi and D. Grunwald and R. Peri}, 
 title={Shadow Profiling: Hiding Instrumentation Costs with Parallelism}, 
 booktitle={International Symposium on Code Generation and Optimization}, 
 year=2007, 
 month=mar, 
 volume={}, 
 number={}, 
 pages={198 -208}, 
}


@book{mulligan03:guide,
  author = "J. Mulligan and B. Patrovsky",
  title = "Developing Online Games: An Insider's Guide",
  publisher = "New Riders Publishing",
  year = 2003
}

@article{rosenblum92:lfs,
  author = "M. Rosenblum and J. K. Ousterhout",
  title = "The design and implementation of a log-structured file system",
  journal = "ACM Transactions on Computer Systems",
  pages = "26-52",
  volume = 10,
  number = 1,
  year = 1992
}

@inproceedings{schluessler07:bot,
  author = "T. Schluessler and S. Goglin and E. Johnson",
  title = "Is a bot at the controls? {D}etecting input data attacks",
  booktitle = "6th ACM Workshop on Network and System Support for Games",
  pages = "1-6",
  month = sep,
  year = 2007
}

@misc{schubert03:quote,
  key = "Schubert",
  title = "{D.\ Schubert}, former lead designer for \meridian",
  howpublished = "Quoted~\cite[p.~221]{mulligan03:guide}",
  year = 2003
}
@inproceedings{sekar01:automaton,
  author = "R. Sekar and M. Bendre and D. Dhurjati and P. Bollineni",
  title = "A fast automaton-based method for detecting anomalous program behaviors",
  booktitle = "2001 IEEE Symposium on Security and Privacy",
  pages = "144-155",
  month = may,
  year = 2001
}


@misc{squareenix08:report,
  author = "SQUARE ENIX Co.",
  title = "Special Task Force Report",
  month = dec,
  year = 2008,
  note = "\url{http://www.playonline.com/pcd/topics/ff11us/detail/4008/detail.html}"
}

@misc{gamasutra09:onlinegames,
  author = "{Gamasutra Staff}",
  title = "Analyst: Online Games Now \$11B Of \$44B Worldwide Game Market",
  month = jun,
  year = 2009,
  note = "\url{http://www.gamasutra.com/php-bin/news_index.php?story=23954}"
}

@misc{gamasutra08:wow,
  author = "L. Alexander",
  title = "World Of Warcraft Hits 10 Million Subscribers",
  month = jan,
  year = 2008,
  note = "\url{http://www.gamasutra.com/php-bin/news_index.php?story=17062}"
}

@article{sen05:cute,
  author = {K. Sen and D. Marinov and G. Agha},
  title = {{CUTE}: a concolic unit testing engine for {C}},
  journal = {SIGSOFT Software Engineering Notes},
  volume = {30},
  issue = {5},
  month = sep,
  year = {2005},
  pages = {263--272}
} 

@misc{spohn:cheating,
  author = "D. Spohn",
  title = "Cheating in online games",
  year = {2005},
  note = "\url{http://internetgames.about.com/od/gamingnews/a/cheating.htm}"
}
@misc{google:v8,
  author = "Google, Inc.",
  title = "The V8 JavaScript engine",
  note = "\url{http://code.google.com/p/v8}"
}

@misc{eich:spidermonkey,
  author = "B. Eich",
  title = "SpiderMonkey",
  note = "\url{https://developer.mozilla.org/en-US/docs/SpiderMonkey}"
}


@inproceedings{tan03:hiding,
  author = "K. Tan and J. {McHugh} and K. Killourhy",
  title = "Hiding intrusions: From the abnormal to the normal and beyond",
  booktitle = "Information Hiding, 5th International Workshop, IH 2002",
  pages = "1-17",
  year = 2003
}

@inproceedings{tillmann08:pex,
  author = {N. Tillmann and J. De Halleux},
  title = {{Pex}: White box test generation for {.NET}},
  booktitle = {2nd International Conference on Tests and Proofs},
  year = {2008},
  pages = {134--153}
} 

@article{ukkonen85:string,
  author = "E. Ukkonen",
  title = "Algorithms for approximate string matching",
  journal = "Information and Control",
  volume = 64,
  number = "1--3",
  month = mar,
  year = 1985
}

@inproceedings{vaswani07:ppp,
 author = {K. Vaswani and A. V. Nori and T. M. Chilimbi},
 title = {Preferential path profiling: compactly numbering interesting paths},
 booktitle = {34th ACM Symposium on Principles of Programming Languages},
 year = 2007
} 


@inproceedings{vikram09:ripley,
  author = "K. Vikram and A. Prateek and B. Livshits",
  title = "Ripley: Automatically securing {Web 2.0} applications through replicated execution",
  booktitle = "16th ACM Conference on Computer and Communications Security",
  month = nov,
  year = 2009
}

@article{visser04:tig,
  author = {W. Visser and C. S. P\u{a}s\u{a}reanu and S. Khurshid},
  title = {Test input generation with {Java PathFinder}},
  journal = {SIGSOFT Software Engineering Notes},
  volume = {29},
  issue = {4},
  month = jul,
  year = {2004},
  pages = {97--107}
} 

@inproceedings{visser12:canonicalization,
  author = {W. Visser and J. Geldenhuys and M. B. Dwyer},
  title = {Green: reducing, reusing and recycling constraints in program analysis},
  booktitle = {20th ACM International Symposium on the Foundations of Software Engineering},
  series = {FSE},
  year = 2012,
  pages = {58:1--11},
  keywords = {NoSQL, constraint solving, path feasibility, symbolic execution},
}
@inproceedings{wagner01:static,
  author = "D. Wagner and D. Dean",
  title = "Intrusion detection via static analysis",
  booktitle = "2001 IEEE Symposium on Security and Privacy",
  pages = "156-168",
  month = may,
  year = 2001
}

@inproceedings{wagner02:mimicry,
  author = "D. Wagner and P. Soto",
  title = "Mimicry attacks on host-based intrusion detection systems",
  booktitle = "9th ACM Conference on Computer and Communications Security",
  month = nov,
  year = 2002
}

@inproceedings{wang09:genomic,
  author = "R. Wang and X. Wang and Z. Li and H. Tang and M. K. Reiter and Z. Dong",
  title = "Privacy-preserving genomic computation through program specialization",
  booktitle = "16th ACM Conference on Computer and Communications Security",
  month = nov,
  year = 2009
}

@misc{ward05:warcraft,
  author = "M. Ward",
  title = "Warcraft game maker in spying row",
  note = "\url{http://news.bbc.co.uk/2/hi/technology/4385050.stm}",
  month = oct,
  year = 2005
}

@misc{valve15:vac,
  author = "Valve",
  title = "Valve Anti-Cheat System",
  note = "\url{https://support.steampowered.com/kb_article.php?ref=7849-Radz-6869}",
}

@misc{meer10:falseban,
  author = "Alex Meer",
  title = "Valve offers free game after 12,000 false Steam bans",
  note = "\url{http://www.gamesindustry.biz/articles/valve-offers-free-game-after-12-000-false-bans}",
  month = jul,
  year = 2010,
}

@misc{surian:banned,
  author = "Surian and AnAkIn",
  title = "Statistics: Check if a SteamID is banned or not",
  note = "\url{http://vacbanned.com/view/statistics}",
}
  
@misc{anthony14:vac,
  author = "S. Anthony",
  title = "Valve: Trust us, our VAC anti-cheat software isn’t interested in your porn-surfing habits",
  note = "\url{http://www.extremetech.com/gaming/176829-valve-trust-us-our-vac-anti-cheat-software-isnt-interested-in-your-porn-surfing-habits}",
  month = feb,
  year = 2014,
}

@misc{bright14:vacdns,
  author = "Peter Bright",
  title = "Valve DNS privacy flap exposes the murky world of cheat prevention",
  note = "\url{http://arstechnica.com/gaming/2014/02/valve-dns-privacy-flap-exposes-the-murky-world-of-cheat-prevention}",
  month = feb,
  year = 2014,
}

@article{webb08:survey,
  author = "S. Webb and S. Soh",
  title = "A survey on network game cheats and {P2P} solutions",
  journal = "Australian Journal of Intelligent Information Processing Systems",
  volume = 9,
  number = 4,
  pages = "34-43",
  year = 2008
}

@inproceedings{yan05:classification,
  author = "J. Yan and B. Randell",
  title = "A systematic classification of cheating in online games",
  booktitle = "4th ACM Workshop on Network and System Support for Games",
  month = oct,
  year = 2005
}

@article{yampolskly07:bot,
  author = "R. V. Yampolskly and V. Govindaraju",
  title = "Embedded noninteractive continuous bot detection",
  journal = "Computers in Entertainment",
  volume = 5,
  number = 4,
  pages = "1-11",
  month = oct,
  year = 2007
}

@inproceedings{yang06:maldisks,
  author = "J. Yang and C. Sar and P. Twohey and C. Cadar and D. Engler",
  title = "Automatically generating malicious disks using symbolic execution",
  booktitle = "IEEE Symposium on Security and Privacy",
  month = may,
  year = 2006
}

@inproceedings{yuan10:sherlog,
  author = {D. Yuan and H. Mai and W. Xiong and L. Tan and Y. Zhou and S. Pasupathy},
  title = {{SherLog}: Error diagnosis by connecting clues from run-time logs},
  booktitle = {15th International Conference on Architectural Support for Programming Languages and Operating Systems},
  year = {2010},
  pages = {143--154},
  month = mar
}

@inproceedings{zamfir10:exesyn,
  author = {C. Zamfir and G. Candea},
  title = {Execution synthesis: a technique for automated software debugging},
  booktitle = {5th European Conference on Computer Systems},
  year = {2010},
  pages = {321--334},
  month = apr
}
@misc{videobusiness09:sales,
  author = "M. Magiera",
  title = "Videogames sales bigger than {DVD-Blu-ray} for first time",
  month = jan,
  year = 2009,
  note = "\url{http://www.videobusiness.com/article/CA6631456.html}"
}
 
@book{cormen09:alg,
  author = {T. H. Cormen and C. E. Leiserson and R. L. Rivest and C. Stein},
  title = {Introduction to Algorithms, Third Edition},
  year = {2009},
  edition = {3rd},
  publisher = {The MIT Press},
} 
@inproceedings{bucur11:parallel,
  title={Parallel symbolic execution for automated real-world software testing},
  author={S. Bucur and V. Ureche and C. Zamfir and G. Candea },
  booktitle={Proceedings of the Sixth Conference on Computer Systems (EuroSys)},
  year={2011},
  organization={ACM}
}

@inproceedings{siddiqui10:parsym,
  title={ParSym: Parallel symbolic execution},
  author={J. H. Siddiqui and S. Khurshid},
  booktitle={Proceedings of the 2nd International Conference on Software Technology and Engineering (ICSTE)},
  year={2010},
  organization={IEEE}
} 

@inproceedings{staats10:pse,
  author = {M. Staats, Matt and C. P\v{a}s\v{a}reanu},
  title = {Parallel Symbolic Execution for Structural Test Generation},
  booktitle = {Proceedings of the 19th International Symposium on Software Testing and Analysis},
  year = {2010},
  publisher = {ACM},
} 

@inproceedings{romano14:symmmu,
  author = {A. Romano and D. R. Engler},
  title = {symMMU: Symbolically Executed Runtime Libraries for Symbolic Memory Access},
  booktitle = {Proceedings of the 29th ACM/IEEE International Conference on Automated Software Engineering},
  year = {2014},
  publisher = {ACM},
} 

@inproceedings{cochran13:toward,
title={Toward online verification of client behavior in distributed applications},
author={R. A. Cochran and M. K. Reiter},
booktitle={Proceedings of the 20th ISOC Network and Distributed System Security Symposium},
year={2013}
}

@inproceedings {ramos15:ucklee,
  author = {D. A. Ramos and D. Engler},
  title = {Under-Constrained Symbolic Execution: Correctness Checking for Real Code},
  booktitle = {24th USENIX Security Symposium (USENIX Security)},
  year = {2015},
  publisher = {USENIX},
}

@book{felmetsger10:toward,
  title={Toward automated detection of logic vulnerabilities in web applications},
  author={V. V. Felmetsger and L. Cavedon and C. Kruegel and G. Vigna},
  year={2010},
  publisher={University of California, Santa Barbara}
}

@inproceedings{demoura08:z3,
  author = "L. De Moura and N. Bj{\o}rner",
  title = "Z3: an efficient {SMT} solver",
  booktitle = {Theory and Practice of Software, 14th International Conference on Tools and Algorithms for the Construction and Analysis of Systems},
  year = {2008},
  publisher = {Springer-Verlag}
}

@incollection{khurshid03:gen,
  author = {S. Khurshid and C. P\u{a}s\u{a}reanu and W. Visser},
  title = {Generalized symbolic execution for model checking and testing},
  booktitle = {Tools and Algorithms for the Construction and Analysis of Systems, 9th International Conference, TACAS 2003},
  series = {Lecture Notes in Computer Science},
  volume = {2619},
  year = {2003}
}

@article{turing36,
  author = {A. M. Turing},
  title = {On Computable Numbers, with an Application to the Entscheidungsproblem},
  journal = {Proceedings of London Mathematics Society},
  volume = {2},
  number = 42,
  pages = {230--265},
  year = {1936}
}

@article{lanciani1892,
  ISSN = {00292397},
  URL = {http://www.jstor.org/stable/25102412},
  author = {R. Lanciani},
  journal = {The North American Review},
  number = {428},
  pages = {97-105},
  publisher = {University of Northern Iowa},
  title = {Gambling and Cheating in Ancient Rome},
  volume = {155},
  year = {1892}
}

@article{doherty14,
  author = {S. M. Doherty. and D. Liskey C. M. Via and C. Frederick and J. P. Kring and D. Liu},
  title = {An Analysis of Expressed Cheating Behaviors in Video Games},
  year = {2014},
  doi = {10.1177/1541931214581498},
  journal = {Proceedings of the Human Factors and Ergonomics Society Annual Meeting}
}

@inproceedings{skrupsky13:tamperproof,
  author = {N. Skrupsky and P. Bisht and T. Hinrichs and V. N. Venkatakrishnan and L. Zuck},
  title = {{TamperProof}: A server-agnostic defense for parameter-tampering attacks on web applicatoins},
  booktitle = {3rd ACM Conference on Data and Application Security and Privacy},
  month = feb,
  year = 2013
}

@article{walfish15:verifying,
  author = "M. Walfish and A. J. Blumberg",
  title = "Verifying computations without reexecuting them",
  journal = "Communications of the ACM",
  volume = 58,
  number = 2,
  month = feb,
  year = 2015
}

@inproceedings{ishai07:efficient,
  author = "Y. Ishai and E. Kushilevitz and R. Ostrovsky",
  title = "Efficient arguments without short {PCPs}",
  booktitle = "22nd IEEE Conference on Computational Complexity",
  month = jun,
  year = 2007
}

@inproceedings{setty12:taking,
  title={Taking proof-based verified computation a few steps closer to practicality},
  author={S. Setty and V. Vu and N. Panpalia and B. Braun and A. J. Blumberg and M. Walfish},
  booktitle={Proceedings of the USENIX Security Symposium},
  year={2012}
}

@inproceedings{goldwasser08:muggles,
  author = "S. Goldwasser and Y. T. Kalai and G. N. Rothblum",
  title = "Delegating computation: Interactive proofs for muggles",
  booktitle = "40th ACM Symposium on Theory of Computing",
  month = may,
  year = 2008
}

@inproceedings{parno13:pinocchio,
  author = "B. Parno and J. Howell and C. Gentry and M. Raykova",
  title = "Pinocchio: Nearly practical verifiable computation",
  booktitle = "IEEE Symposium on Security and Privacy",
  month = may,
  year = 2013
}

@inproceedings{yao86:generate,
  title={How to generate and exchange secrets},
  author={A. Yao},
  booktitle={27th Symposium on Foundations of Computer Science},
  year={1986},
}

@phdthesis{gentry09:fully,
  title={A fully homomorphic encryption scheme},
  author={C. Gentry},
  year={2009},
  school={Stanford University}
}

@inproceedings{gennaro10:non,
  title={Non-interactive verifiable computing: Outsourcing computation to untrusted workers},
  author={R. Gennaro and C. Gentry and B. Parno},
  booktitle={Proceedings of the Conference on Advances in Cryptology},
  year={2010},
}

@inproceedings{choi13:multi,
  title = {Multi-Client Non-interactive Verifiable Computation},
  author = {S. G. Choi and J. Katz and R. Kumaresan and C. Cid},
  booktitle = {Proceedings of the 10th Conference on Theory of Cryptography},
  year = {2013},
}

@inproceedings{vu13:hybrid,
title={A hybrid architecture for interactive verifiable computation},
author={V. Vu and S. Setty and A. J. Blumberg and M. Walfish},
booktitle={2013 IEEE Symposium on Security and Privacy},
year={2013},
}

@incollection{ben13:snarks,
 title={SNARKs for C: Verifying program executions succinctly and in zero knowledge},
 author={E. Ben-Sasson and A. Chiesa and D. Genkin and E. Tromer and M. Virza},
 booktitle={Proceedings of the Conference on Advances in Cryptology},
 year={2013},
}

@inbook{wahby15:ram,
 title = "Efficient RAM and control flow in verifiable outsourced computation",
 author = "R. Wahby and S. Setty and Z. Ren and A. J. Blumberg and M. hWalfish",
 booktitle = "Network and Distributed System Security Symposium",
 year = "2015",
}

@inproceedings{fiore14:encrypted,
 title={Efficiently verifiable computation on encrypted data},
 author={D. Fiore and R. Gennaro and V. Pastro},
 booktitle={Proceedings of the Conference on Computer and Communications Security},
 year={2014},
}

@article{blanton13:biometric,
 title={Secure and verifiable outsourcing of large-scale biometric computations},
 author={M. Blanton and Y. Zhang and K. B. Frikken},
 journal={ACM Transactions on Information and System Security},
 volume={16},
 number={3},
 year={2013},
}

@inproceedings {hawblitzel14:ironclad,
  author = {C. Hawblitzel and J. Howell and J. R. Lorch and A. Narayan and B. Parno and D. Zhang and B. Zill},
  title = {Ironclad Apps: End-to-End Security via Automated Full-System Verification},
  booktitle = {11th USENIX Symposium on Operating Systems Design and Implementation},
  year = {2014},
}

@inproceedings{wilcox15:verdi,
 title = {Verdi: A Framework for Implementing and Formally Verifying Distributed Systems},
 author = {J. R. Wilcox and D. Woos and P. Panchekha and Z. Tatlock and X. Wang and M. D. Ernst and T. Anderson},
 booktitle = {Proceedings of the 36th ACM SIGPLAN Conference on Programming Language Design and Implementation},
 year = {2015},
}

@inproceedings{hawblitzel15:ironfleet,
 title={IronFleet: proving practical distributed systems correct},
 author={C. Hawblitzel and J. Howell and M. Kapritsos and J. R. Lorch and B. Parno and M. L. Roberts and S. Setty and B. Zill},
 booktitle={Proceedings of the 25th Symposium on Operating Systems Principles},
 year={2015},
}

@inproceedings{ridge09:vds,
  author = {T. Ridge},
  title = {Verifying Distributed Systems: The Operational Approach},
  booktitle = {Proceedings of the 36th Annual ACM SIGPLAN-SIGACT Symposium on Principles of Programming Languages},
  year = {2009},
}

@inproceedings{sasnauskas10:kleenet,
  title={KleeNet: discovering insidious interaction bugs in wireless sensor networks before deployment},
  author={R. Sasnauskas and O. Landsiedel and M. H. Alizai and C. Weise and S. Kowalewski and K. Wehrle},
  booktitle={Proceedings of the 9th ACM/IEEE International Conference on Information Processing in Sensor Networks},
  year={2010},
}

@inproceedings{blanchet12:protosurvey,
  title={Security protocol verification: Symbolic and computational models},
  author={B. Blanchet},
  booktitle={1st International Conference on Principles of Security and Trust},
  year={2012}
}

@inproceedings{bhargavan14:proving,
  title={Proving the TLS handshake secure (as it is)},
  author={K. Bhargavan and C. Fournet and M. Kohlweiss and A. Pironti and P. Strub and S. Zanella-B{\'e}guelin},
  booktitle={International Cryptology Conference},
  year={2014},
}

@article{dolev83:model,
  title={On the security of public key protocols},
  author={Dolev, Danny and Yao, Andrew C},
  journal={IEEE Transactions on Information Theory},
  volume={29},
  number={2},
  year={1983},
}

@inproceedings{mitchell97:murphi,
  title={Automated analysis of cryptographic protocols using Mur$\varphi$},
  author={Mitchell, John C and Mitchell, Mark and Stern, Ulrich},
  booktitle={In Proceedings of IEEE Symposium on Security and Privacy},
  year={1997},
}

@inproceedings{abadi00:compmodel,
  title={Reconciling two views of cryptography},
  author={Abadi, Mart{\i}n and Rogaway, Phillip},
  booktitle={IFIP International Conference on Theoretical Computer Science},
  year={2000},
}

@inproceedings{bhargavan13:tls,
  title={Implementing {TLS} with verified cryptographic security},
  author={K. Bhargavan and C. Fournet and M. Kohlweiss and A. Pironti and P. Strub},
  booktitle={34th IEEE Symposium on Security and Privacy},
  pages={445--459},
  year={2013}
}

@misc{leyden14:tlspwned,
  author = {J. Leyden},
  title = {Annus {HORRIBILIS} for {TLS}! ALL the bigguns now officially pwned in 2014},
  howpublished = {The Register},
  month = Nov,
  year = 2014,
  note = "\url{http://www.theregister.co.uk/2014/11/12/ms\_crypto\_library\_megaflaw/}"
}

@inproceedings{killian07:mace,
  author = {Killian, Charles Edwin and Anderson, James W. and Braud, Ryan and Jhala, Ranjit and Vahdat, Amin M.},
  title = {Mace: Language Support for Building Distributed Systems},
  booktitle = {Proceedings of the 28th ACM SIGPLAN Conference on Programming Language Design and Implementation},
  year = {2007},
}

@inproceedings{yang09:modist,
 author = {Yang, Junfeng and Chen, Tisheng and Wu, Ming and Xu, Zhilei and Liu, Xuezheng and Lin, Haoxiang and Yang, Mao and Long, Fan and Zhang, Lintao and Zhou, Lidong},
 title = {MODIST: Transparent Model Checking of Unmodified Distributed Systems},
 booktitle = {Proceedings of the 6th USENIX Symposium on Networked Systems Design and Implementation},
 year = {2009},
}

@article{jhala09:modelchecking,
  title={Software model checking},
  author={Jhala, Ranjit and Majumdar, Rupak},
  journal={ACM Computing Surveys},
  volume={41},
  number={4},
  pages={21},
  year={2009},
}

@book{berard13:modelchecking,
  title={Systems and software verification: model-checking techniques and tools},
  author={B{\'e}rard, B{\'e}atrice and Bidoit, Michel and Finkel, Alain and Laroussinie, Fran{\c{c}}ois and Petit, Antoine and Petrucci, Laure and Schnoebelen, Philippe},
  year={2013},
  publisher={Springer},
}

@inproceedings{reynolds06:pip,
  title={Pip:Detecting the unexpected in distributed systems},
  author={Reynolds, Patrick and Killian, Charles and Wiener, Janet L and Mogul, Jeffrey C and Shah, Mehul A and Vahdat, Amin},
  booktitle={In Proceedings of USENIX Symposium of Networked Systems and Distributed Systems},
  year={2006},
}

@book{bertot13:coq,
  title={Interactive theorem proving and program development: Coq’Art: the calculus of inductive constructions},
  author={Bertot, Yves and Cast{\'e}ran, Pierre},
  year={2013},
  publisher={Springer Science \& Business Media}
}
@book{lamport02:tla,
  author = {Lamport, Leslie},
  title = {Specifying Systems: The TLA+ Language and Tools for Hardware and Software Engineers},
  year = {2002},
  publisher = {Addison-Wesley},
}

@article{zave12:chord,
  title={Using lightweight modeling to understand chord},
  author={Zave, Pamela},
  journal={ACM SIGCOMM Computer Communication Review},
  volume={42},
  number={2},
  year={2012},
}

@inproceedings{lamport11:paxos,
  title={Byzantizing Paxos by refinement},
  author={Lamport, Leslie},
  booktitle={International Symposium on Distributed Computing},
  year={2011},
}

@inproceedings{gu15:dsc,
 author = {Gu, Ronghui and Koenig, J{\'e}r{\'e}mie and Ramananandro, Tahina and Shao, Zhong and Wu, Xiongnan (Newman) and Weng, Shu-Chun and Zhang, Haozhong and Guo, Yu},
 title = {Deep Specifications and Certified Abstraction Layers},
 booktitle = {Proceedings of the 42nd Annual Symposium on Principles of Programming Languages},
 year = {2015},
}

@inproceedings{ricketts14:afp,
author = {Ricketts, Daniel and Robert, Valentin and Jang, Dongseok and Tatlock, Zachary and Lerner, Sorin},
title = {Automating Formal Proofs for Reactive Systems},
booktitle = {Proceedings of the 35th Conference on Programming Language Design and Implementation},
year = {2014},
}

@inproceedings{chen05:noncontrol,
  author = {Chen, Shuo and Xu, Jun and Sezer, Emre C. and Gauriar, Prachi and Iyer, Ravishankar K.},
  title = {Non-control-data Attacks Are Realistic Threats},
  booktitle = {Proceedings of the 14th USENIX Security Symposium},
  year = {2005},
} 

@inproceedings{costa07:bouncer,
  author = {Costa, Manuel and Castro, Miguel and Zhou, Lidong and Zhang, Lintao and Peinado, Marcus},
  title = {Bouncer: Securing Software by Blocking Bad Input},
  booktitle = {Proceedings of ACM SIGOPS Symposium on Operating Systems Principles},
  year = {2007},
} 

@inproceedings{bisht10:notamper,
  title={NoTamper: automatic blackbox detection of parameter tampering opportunities in web applications},
  author={Bisht, Prithvi and Hinrichs, Timothy and Skrupsky, Nazari and Bobrowicz, Radoslaw and Venkatakrishnan, VN},
  booktitle={Proceedings of the 17th ACM conference on Computer and Communications Security},
  year={2010},
}

@article{chi16:crypto,
  author    = {Andrew Chi and
               Robert A. Cochran and
               Marie Nesfield and
               Michael K. Reiter and
               Cynthia Sturton},
  title     = {Server-side verification of client behavior in cryptographic protocols},
  journal   = {CoRR},
  volume    = {abs/1603.04085},
  year      = {2016},
  url       = {http://arxiv.org/abs/1603.04085},
  timestamp = {Sat, 02 Apr 2016 11:49:48 +0200},
  biburl    = {http://dblp.uni-trier.de/rec/bib/journals/corr/ChiCNRS16},
  bibsource = {dblp computer science bibliography, http://dblp.org}
}

